@article{Amano_2016,
  doi = {10.1093/biosci/biw022},
  url = {https://doi.org/10.1093%2Fbiosci%2Fbiw022},
  year = 2016,
  month = {mar},
  publisher = {Oxford University Press ({OUP})},
  volume = {66},
  number = {5},
  pages = {393--400},
  author = {Tatsuya Amano and James D. L. Lamming and William J. Sutherland},
  title = {Spatial Gaps in Global Biodiversity Information and the Role of  Citizen Science},
  journal = {{BioScience}}
}
@article{Bartomeus_2013,
  doi = {10.1111/ele.12170},
  url = {https://doi.org/10.1111%2Fele.12170},
  year = 2013,
  month = {aug},
  publisher = {Wiley},
  volume = {16},
  number = {11},
  pages = {1331--1338},
  author = {Ignasi Bartomeus and Mia G. Park and Jason Gibbs and Bryan N. Danforth and Alan N. Lakso and Rachael Winfree},
  editor = {Micky Eubanks},
  title = {Biodiversity ensures plant-pollinator phenological synchrony against climate change},
  journal = {Ecology Letters}
}
@article{Barve_2014,
  doi = {10.1016/j.ecoinf.2014.08.008},
  url = {https://doi.org/10.1016%2Fj.ecoinf.2014.08.008},
  year = 2014,
  month = {nov},
  publisher = {Elsevier {BV}},
  volume = {24},
  pages = {194--199},
  author = {Vijay Barve},
  title = {Discovering and developing primary biodiversity data from social networking sites: A novel approach},
  journal = {Ecological Informatics}
}
@article{Bone_2015,
  doi = {10.1111/nph.13572},
  url = {https://doi.org/10.1111%2Fnph.13572},
  year = 2015,
  month = {jul},
  publisher = {Wiley},
  volume = {208},
  number = {2},
  pages = {469--481},
  author = {Ruth E. Bone and J. Andrew C. Smith and Nils Arrigo and Sven Buerki},
  title = {A macro-ecological perspective on crassulacean acid metabolism ({CAM}) photosynthesis evolution in Afro-Madagascan drylands: Eulophiinae orchids as a case study},
  journal = {New Phytologist}
}
@article{Collins_2015,
  doi = {10.3897/bdj.3.e4162},
  url = {https://doi.org/10.3897%2Fbdj.3.e4162},
  year = 2015,
  month = {apr},
  publisher = {Pensoft Publishers},
  volume = {3},
  pages = {e4162},
  author = {Rupert Collins and Emanuell Duarte Ribeiro and Val{\'{e}}ria Nogueira Machado and Tomas Hrbek and Izeni Farias},
  title = {A preliminary inventory of the catfishes of the lower Rio Nhamund{\'{a}}, Brazil (Ostariophysi, Siluriformes)},
  journal = {Biodiversity Data Journal}
}
@article{Drozd_2013,
  doi = {10.2478/cszma-2013-0004},
  url = {https://doi.org/10.2478%2Fcszma-2013-0004},
  year = 2013,
  month = {jan},
  publisher = {Walter de Gruyter {GmbH}},
  volume = {62},
  number = {1},
  author = {Pavel Drozd and Jan {\v{S}}ipo{\v{s}}},
  title = {R for all (I): Introduction to the new age of biological analyses},
  journal = {Casopis slezskeho zemskeho muzea (A)}
}
@article{Kong_2015,
  doi = {10.1371/journal.pone.0128295},
  url = {https://doi.org/10.1371%2Fjournal.pone.0128295},
  year = 2015,
  month = {jun},
  publisher = {Public Library of Science ({PLoS})},
  volume = {10},
  number = {6},
  pages = {e0128295},
  author = {Xiaoquan Kong and Minyi Huang and Renyan Duan},
  editor = {Jonathan H. Badger},
  title = {{SDMdata}: A Web-Based Software Tool for Collecting Species Occurrence Records},
  journal = {{PLOS} {ONE}}
}
@article{Richardson_2015,
  doi = {10.2989/20702620.2014.999305},
  url = {https://doi.org/10.2989%2F20702620.2014.999305},
  year = 2015,
  month = {jan},
  publisher = {Informa {UK} Limited},
  volume = {77},
  number = {1},
  pages = {31--39},
  author = {David M Richardson and Johannes J Le Roux and John RU Wilson},
  title = {Australian acacias as invasive species: lessons to be learnt from regions with long planting histories},
  journal = {Southern Forests: a Journal of Forest Science}
}
@article{Turner_2015,
  doi = {10.1002/ece3.1599},
  url = {https://doi.org/10.1002%2Fece3.1599},
  year = 2015,
  month = {jul},
  publisher = {Wiley},
  volume = {5},
  number = {15},
  pages = {3183--3197},
  author = {Kathryn G. Turner and H{\'{e}}l{\`{e}}ne Fr{\'{e}}ville and Loren H. Rieseberg},
  title = {Adaptive plasticity and niche expansion in an invasive thistle},
  journal = {Ecology and Evolution}
}
@article{Verheijen_2015,
  doi = {10.1111/nph.13623},
  url = {https://doi.org/10.1111%2Fnph.13623},
  year = 2015,
  month = {sep},
  publisher = {Wiley},
  volume = {209},
  number = {2},
  pages = {563--575},
  author = {Lieneke M. Verheijen and Rien Aerts and Gerhard Bönisch and Jens Kattge and Peter M. Van Bodegom},
  title = {Variation in trait trade-offs allows differentiation among predefined plant functional types: implications for predictive ecology},
  journal = {New Phytologist}
}
@article{Zizka_2015,
  doi = {10.1101/032755},
  url = {https://doi.org/10.1101%2F032755},
  year = 2015,
  month = {nov},
  publisher = {Cold Spring Harbor Laboratory},
  author = {Alexander Zizka and Alexandre Antonelli},
  title = {{speciesgeocodeR}: An R package for linking species occurrences, user-defined regions and phylogenetic trees for biogeography, ecology and evolution}
}
@article{Butterfield_2016,
  doi = {10.1111/rec.12381},
  url = {https://doi.org/10.1111%2Frec.12381},
  year = 2016,
  month = {may},
  publisher = {Wiley},
  volume = {25},
  pages = {S155--S163},
  author = {Bradley J. Butterfield and Stella M. Copeland and Seth M. Munson and Carla M. Roybal and Troy E. Wood},
  title = {Prestoration: using species in restoration that will persist now and into the future},
  journal = {Restoration Ecology}
}
@article{Dellinger_2015,
  doi = {10.1111/nph.13694},
  url = {https://doi.org/10.1111%2Fnph.13694},
  year = 2015,
  month = {oct},
  publisher = {Wiley},
  volume = {209},
  number = {3},
  pages = {1313--1323},
  author = {Agnes S. Dellinger and Franz Essl and Diego Hojsgaard and Bernhard Kirchheimer and Simone Klatt and Wayne Dawson and Jan Pergl and Petr Py{\v{s}}ek and Mark Kleunen and Ewald Weber and Marten Winter and Elvira Hörandl and Stefan Dullinger},
  title = {Niche dynamics of alien species do not differ among sexual and apomictic flowering plants},
  journal = {New Phytologist}
}
@article{Feitosa_2015,
  doi = {10.1590/0102-33062014abb3711},
  url = {https://doi.org/10.1590%2F0102-33062014abb3711},
  year = 2015,
  month = {mar},
  publisher = {{FapUNIFESP} ({SciELO})},
  volume = {29},
  number = {1},
  pages = {120--128},
  author = {Yuri Oliveira Feitosa and Maria L{\'{u}}cia Absy and Edgardo Manuel Latrubesse and Jos{\'{e}} C{\^{a}}ndido Stevaux},
  title = {Late Quaternary vegetation dynamics from central parts of the Madeira River in Brazil},
  journal = {Acta Botanica Brasilica}
}
@article{Malhado_2015,
  doi = {10.1111/jvs.12301},
  url = {https://doi.org/10.1111%2Fjvs.12301},
  year = 2015,
  month = {may},
  publisher = {Wiley},
  volume = {26},
  number = {5},
  pages = {956--963},
  author = {Ana C.M. Malhado and Jose A. Oliveira-Neto and Juliana Stropp and Giovanni Strona and Livia C.P. Dias and Luciana B. Pinto and Richard J. Ladle},
  editor = {Tohru Nakashizuka},
  title = {Climatological correlates of seed size in Amazonian forest trees},
  journal = {Journal of Vegetation Science}
}
@article{Werner_2015,
  doi = {10.1073/pnas.1424030112},
  url = {https://doi.org/10.1073%2Fpnas.1424030112},
  year = 2015,
  month = {jun},
  publisher = {Proceedings of the National Academy of Sciences},
  volume = {112},
  number = {33},
  pages = {10262--10269},
  author = {Gijsbert D. A. Werner and William K. Cornwell and Johannes H. C. Cornelissen and E. Toby Kiers},
  title = {Evolutionary signals of symbiotic persistence in the legume{\textendash}rhizobia mutualism},
  journal = {Proceedings of the National Academy of Sciences}
}
@article{Robertson_2016,
  doi = {10.1111/ecog.02118},
  url = {https://doi.org/10.1111%2Fecog.02118},
  year = 2016,
  month = {feb},
  publisher = {Wiley},
  volume = {39},
  number = {4},
  pages = {394--401},
  author = {Mark P. Robertson and Vernon Visser and Cang Hui},
  title = {Biogeo: an R package for assessing and improving data quality of occurrence record datasets},
  journal = {Ecography}
}
@article{Davison_2015,
  doi = {10.1126/science.aab1161},
  url = {https://doi.org/10.1126%2Fscience.aab1161},
  year = 2015,
  month = {aug},
  publisher = {American Association for the Advancement of Science ({AAAS})},
  volume = {349},
  number = {6251},
  pages = {970--973},
  author = {J. Davison and M. Moora and M. Opik and A. Adholeya and L. Ainsaar and A. Ba and S. Burla and A. G. Diedhiou and I. Hiiesalu and T. Jairus and N. C. Johnson and A. Kane and K. Koorem and M. Kochar and C. Ndiaye and M. Partel and U. Reier and U. Saks and R. Singh and M. Vasar and M. Zobel},
  title = {Global assessment of arbuscular mycorrhizal fungus diversity reveals very low endemism},
  journal = {Science}
}
@article{Curtis_2016,
  doi = {10.1371/journal.pone.0166407},
  url = {https://doi.org/10.1371%2Fjournal.pone.0166407},
  year = 2016,
  month = {nov},
  publisher = {Public Library of Science ({PLoS})},
  volume = {11},
  number = {11},
  pages = {e0166407},
  author = {Caroline A. Curtis and Bethany A. Bradley},
  editor = {Daniel E. Naya},
  title = {Plant Distribution Data Show Broader Climatic Limits than Expert-Based Climatic Tolerance Estimates},
  journal = {{PLOS} {ONE}}
}
@article{Dullinger_2016,
  doi = {10.1111/geb.12512},
  url = {https://doi.org/10.1111%2Fgeb.12512},
  year = 2016,
  month = {aug},
  publisher = {Wiley},
  volume = {26},
  number = {1},
  pages = {43--53},
  author = {Iwona Dullinger and Johannes Wessely and Oliver Bossdorf and Wayne Dawson and Franz Essl and Andreas Gattringer and Günther Klonner and Holger Kreft and Michael Kuttner and Dietmar Moser and Jan Pergl and Petr Py{\v{s}}ek and Wilfried Thuiller and Mark van Kleunen and Patrick Weigelt and Marten Winter and Stefan Dullinger},
  title = {Climate change will increase the naturalization risk from garden plants in Europe},
  journal = {Global Ecology and Biogeography}
}
@article{Groom_2016,
  doi = {10.1111/1365-2664.12767},
  url = {https://doi.org/10.1111%2F1365-2664.12767},
  year = 2016,
  month = {sep},
  publisher = {Wiley},
  volume = {54},
  number = {2},
  pages = {612--617},
  author = {Quentin Groom and Lauren Weatherdon and Ilse R. Geijzendorffer},
  editor = {Marc Cadotte},
  title = {Is citizen science an open science in the case of biodiversity observations?},
  journal = {Journal of Applied Ecology}
}
@article{Janssens_2016,
  doi = {10.1111/nph.13856},
  url = {https://doi.org/10.1111%2Fnph.13856},
  year = 2016,
  month = {feb},
  publisher = {Wiley},
  volume = {210},
  number = {4},
  pages = {1453--1465},
  author = {Steven B. Janssens and Filip Vandelook and Edmond De Langhe and Brecht Verstraete and Erik Smets and Ines Vandenhouwe and Rony Swennen},
  title = {Evolutionary dynamics and biogeography of Musaceae reveal a correlation between the diversification of the banana family and the geological and climatic history of Southeast Asia},
  journal = {New Phytologist}
}
@article{Sanyal_2016,
  doi = {10.1186/s12862-016-0752-7},
  url = {https://doi.org/10.1186%2Fs12862-016-0752-7},
  year = 2016,
  month = {sep},
  publisher = {Springer Science and Business Media {LLC}},
  volume = {16},
  number = {1},
  author = {Anushree Sanyal and Guillaume Decocq},
  title = {Adaptive evolution of seed oil content in angiosperms: accounting for the global patterns of seed oils},
  journal = {{BMC} Evolutionary Biology}
}
@article{Gilles_2016,
  doi = {10.3897/phytokeys.74.9723},
  url = {https://doi.org/10.3897%2Fphytokeys.74.9723},
  year = 2016,
  month = {nov},
  publisher = {Pensoft Publishers},
  volume = {74},
  pages = {1--18},
  author = {Dauby Gilles and Rainer Zaiss and Anne Blach-Overgaard and Lu{\'{\i}}s Catarino and Theo Damen and Vincent Deblauwe and Steven Dessein and John Dransfield and Vincent Droissart and Maria Cristina Duarte and Henry Engledow and Geoffrey Fadeur and Rui Figueira and Roy E. Gereau and Olivier J. Hardy and David J. Harris and Janneke de Heij and Steven Janssens and Yannick Klomberg and Alexandra C. Ley and Barbara A. MacKinder and Pierre Meerts and Jeike L. van de Poel and Bonaventure Sonk{\'{e}} and Marc S. M. Sosef and Tariq St{\'{e}}vart and Piet Stoffelen and Jens-Christian Svenning and Pierre Sepulchre and Xander van der Burgt and Jan J. Wieringa and Thomas L. P. Couvreur},
  title = {{RAINBIO}: a mega-database of tropical African vascular plants distributions},
  journal = {{PhytoKeys}}
}
@article{Lundgren_2016,
  doi = {10.1093/jxb/erw451},
  url = {https://doi.org/10.1093%2Fjxb%2Ferw451},
  year = 2016,
  month = {dec},
  publisher = {Oxford University Press ({OUP})},
  volume = {68},
  number = {2},
  pages = {241--254},
  author = {Marjorie R. Lundgren and Pascal-Antoine Christin},
  title = {Despite phylogenetic effects, C3{\textendash}C4lineages bridge the ecological gap to C4photosynthesis},
  journal = {Journal of Experimental Botany}
}
@article{Rai_2017,
  doi = {10.1371/journal.pntd.0005420},
  url = {https://doi.org/10.1371%2Fjournal.pntd.0005420},
  year = 2017,
  month = {mar},
  publisher = {Public Library of Science ({PLoS})},
  volume = {11},
  number = {3},
  pages = {e0005420},
  author = {Keshav Rai and Narayan Raj Bhattarai and Manu Vanaerschot and Hideo Imamura and Gebreyohans Gebru and Basudha Khanal and Suman Rijal and Marleen Boelaert and Chiranjib Pal and Prahlad Karki and Jean-Claude Dujardin and Gert Van der Auwera},
  editor = {Alain Debrabant},
  title = {Single locus genotyping to track Leishmania donovani in the Indian subcontinent: Application in Nepal},
  journal = {{PLOS} Neglected Tropical Diseases}
}
@article{Balao_2017,
  doi = {10.1111/mec.14123},
  url = {https://doi.org/10.1111%2Fmec.14123},
  year = 2017,
  month = {apr},
  publisher = {Wiley},
  volume = {26},
  number = {14},
  pages = {3649--3662},
  author = {Francisco Balao and Emiliano Trucchi and Thomas M. Wolfe and Bao-Hai Hao and Maria Teresa Lorenzo and Juliane Baar and Laura Sedman and Carolin Kosiol and Fabian Amman and Mark W. Chase and Mikael Hedr{\'{e}}n and Ovidiu Paun},
  title = {Adaptive sequence evolution is driven by biotic stress in a pair of orchid species (Dactylorhiza) with distinct ecological optima},
  journal = {Molecular Ecology}
}
@article{Carvajal_Endara_2017,
  doi = {10.1111/ele.12753},
  url = {https://doi.org/10.1111%2Fele.12753},
  year = 2017,
  month = {mar},
  publisher = {Wiley},
  volume = {20},
  number = {4},
  pages = {495--504},
  author = {Sof{\'{\i}}a Carvajal-Endara and Andrew P. Hendry and Nancy C. Emery and T. Jonathan Davies},
  editor = {Helen Regan},
  title = {Habitat filtering not dispersal limitation shapes oceanic island floras: species assembly of the Gal{\'{a}}pagos archipelago},
  journal = {Ecology Letters}
}
@article{Mounce_2017,
  doi = {10.1038/s41477-017-0019-3},
  url = {https://doi.org/10.1038%2Fs41477-017-0019-3},
  year = 2017,
  month = {sep},
  publisher = {Springer Science and Business Media {LLC}},
  volume = {3},
  number = {10},
  pages = {795--802},
  author = {Ross Mounce and Paul Smith and Samuel Brockington},
  title = {Ex situ conservation of plant diversity in the world's botanic gardens},
  journal = {Nature Plants}
}
@article{Alfsnes_2017,
  doi = {10.1002/ece3.3163},
  url = {https://doi.org/10.1002%2Fece3.3163},
  year = 2017,
  month = {jun},
  publisher = {Wiley},
  volume = {7},
  number = {15},
  pages = {5939--5947},
  author = {Kristian Alfsnes and Hans Petter Leinaas and Dag Olav Hessen},
  title = {Genome size in arthropods different roles of phylogeny, habitat and life history in insects and crustaceans},
  journal = {Ecology and Evolution}
}
@article{Chamberlain_2017,
  doi = {10.7287/peerj.preprints.3304v1},
  url = {https://doi.org/10.7287%2Fpeerj.preprints.3304v1},
  year = 2017,
  month = {sep},
  publisher = {{PeerJ}},
  author = {Scott A Chamberlain and Carl Boettiger},
  title = {R Python, and Ruby clients for {GBIF} species occurrence data}
}
@article{Ludt_2017,
  doi = {10.1007/s12526-017-0740-1},
  url = {https://doi.org/10.1007%2Fs12526-017-0740-1},
  year = 2017,
  month = {jun},
  publisher = {Springer Science and Business Media {LLC}},
  volume = {48},
  number = {4},
  pages = {2119--2124},
  author = {William B. Ludt and Link Morgan and James Bishop and Prosanta Chakrabarty},
  title = {A quantitative and statistical biological comparison of three semi-enclosed seas: the Red Sea, the Persian (Arabian) Gulf, and the Gulf of California},
  journal = {Marine Biodiversity}
}
@article{Vanderhoeven_2017,
  doi = {10.3897/rio.3.e13414},
  url = {https://doi.org/10.3897%2Frio.3.e13414},
  year = 2017,
  month = {may},
  publisher = {Pensoft Publishers},
  volume = {3},
  pages = {e13414},
  author = {Sonia Vanderhoeven and Tim Adriaens and Peter Desmet and Diederik Strubbe and Thierry Backeljau and Yvan Barbier and Dimitri Brosens and Julien Cigar and Maxime Coupremanne and Rozemien De Troch and Hilde Eggermont and Andr{\'{e}} Heughebaert and Kris Hostens and Pierre Huybrechts and Anne-Laure Jacquemart and Luc Lens and Arnaud Monty and Jean-Yves Paquet and C{\'{e}}line Pr{\'{e}}vot and Tim Robertson and Piet Termonia and Ruben Van De Kerchove and Gert Van Hoey and Bert Van Schaeybroeck and Diemer Vercayie and Thomas Verleye and Sarah Welby and Quentin Groom},
  title = {Tracking Invasive Alien Species ({TrIAS}): Building a data-driven framework to inform policy},
  journal = {Research Ideas and Outcomes}
}
@article{Aedo_2017,
  doi = {10.1038/sdata.2017.49},
  url = {https://doi.org/10.1038%2Fsdata.2017.49},
  year = 2017,
  month = {apr},
  publisher = {Springer Science and Business Media {LLC}},
  volume = {4},
  number = {1},
  author = {Carlos Aedo and Francisco Pando},
  title = {A distribution and taxonomic reference dataset of Geranium in the New World},
  journal = {Scientific Data}
}
@article{Cardoso_2017,
  doi = {10.1073/pnas.1706756114},
  url = {https://doi.org/10.1073%2Fpnas.1706756114},
  year = 2017,
  month = {sep},
  publisher = {Proceedings of the National Academy of Sciences},
  volume = {114},
  number = {40},
  pages = {10695--10700},
  author = {Domingos Cardoso and Tiina Särkinen and Sara Alexander and Andr{\'{e}} M. Amorim and Volker Bittrich and Marcela Celis and Douglas C. Daly and Pedro Fiaschi and Vicki A. Funk and Leandro L. Giacomin and Renato Goldenberg and Gustavo Heiden and Jo{\~{a}}o Iganci and Carol L. Kelloff and Sandra Knapp and Haroldo Cavalcante de Lima and Anderson F. P. Machado and Rubens Manoel dos Santos and Renato Mello-Silva and Fabi{\'{a}}n A. Michelangeli and John Mitchell and Peter Moonlight and Pedro Lu{\'{\i}}s Rodrigues de Moraes and Scott A. Mori and Teonildes Sacramento Nunes and Terry D. Pennington and Jos{\'{e}} Rubens Pirani and Ghillean T. Prance and Luciano Paganucci de Queiroz and Alessandro Rapini and Ricarda Riina and Carlos Alberto Vargas Rincon and N{\'{a}}dia Roque and Gustavo Shimizu and Marcos Sobral and Jo{\~{a}}o Renato Stehmann and Warren D. Stevens and Charlotte M. Taylor and Marcelo Trov{\'{o}} and C{\'{a}}ssio van den Berg and Henk van der Werff and Pedro Lage Viana and Charles E. Zartman and Rafaela Campostrini Forzza},
  title = {Amazon plant diversity revealed by a taxonomically verified species list},
  journal = {Proceedings of the National Academy of Sciences}
}
@article{Duffy_2017,
  doi = {10.1111/ddi.12593},
  url = {https://doi.org/10.1111%2Fddi.12593},
  year = 2017,
  month = {jul},
  publisher = {Wiley},
  volume = {23},
  number = {9},
  pages = {982--996},
  author = {Grant A. Duffy and Bernard W. T. Coetzee and Guillaume Latombe and Alexander H. Akerman and Melodie A. McGeoch and Steven L. Chown},
  editor = {Wilfried Thuiller},
  title = {Barriers to globally invasive species are weakening across the Antarctic},
  journal = {Diversity and Distributions}
}
@article{Pereira_2017,
  doi = {10.1016/j.ympev.2017.05.008},
  url = {https://doi.org/10.1016%2Fj.ympev.2017.05.008},
  year = 2017,
  month = {aug},
  publisher = {Elsevier {BV}},
  volume = {113},
  pages = {59--66},
  author = {Anieli G. Pereira and Juliana Sterli and Filipe R.R. Moreira and Carlos G. Schrago},
  title = {Multilocus phylogeny and statistical biogeography clarify the evolutionary history of major lineages of turtles},
  journal = {Molecular Phylogenetics and Evolution}
}
@article{Mayer_2017,
  doi = {10.1007/s10530-017-1594-y},
  url = {https://doi.org/10.1007%2Fs10530-017-1594-y},
  year = 2017,
  month = {oct},
  publisher = {Springer Science and Business Media {LLC}},
  volume = {19},
  number = {12},
  pages = {3613--3627},
  author = {Katharina Mayer and Emily Haeuser and Wayne Dawson and Franz Essl and Holger Kreft and Jan Pergl and Petr Py{\v{s}}ek and Patrick Weigelt and Marten Winter and Bernd Lenzner and Mark van Kleunen},
  title = {Naturalization of ornamental plant species in public green spaces and private gardens},
  journal = {Biological Invasions}
}
@article{Chalmandrier_2017,
  doi = {10.1038/s41598-017-15334-4},
  url = {https://doi.org/10.1038%2Fs41598-017-15334-4},
  year = 2017,
  month = {nov},
  publisher = {Springer Science and Business Media {LLC}},
  volume = {7},
  number = {1},
  author = {Loïc Chalmandrier and Camille Albouy and Loïc Pellissier},
  title = {Species pool distributions along functional trade-offs shape plant productivity{\textendash}diversity relationships},
  journal = {Scientific Reports}
}
@article{Serra_Diaz_2017,
  doi = {10.1186/s40663-017-0120-0},
  url = {https://doi.org/10.1186%2Fs40663-017-0120-0},
  year = 2017,
  month = {dec},
  publisher = {Springer Science and Business Media {LLC}},
  volume = {4},
  number = {1},
  author = {Josep M. Serra-Diaz and Brian J. Enquist and Brian Maitner and Cory Merow and Jens-C. Svenning},
  title = {Big data of tree species distributions: how big and how good?},
  journal = {Forest Ecosystems}
}
@article{Sanyal_2018,
  doi = {10.1002/ajb2.1014},
  url = {https://doi.org/10.1002%2Fajb2.1014},
  year = 2018,
  month = {jan},
  publisher = {Wiley},
  volume = {105},
  number = {1},
  pages = {85--94},
  author = {Anushree Sanyal and Jonathan Lenoir and Carmel ONeill and Frederic Dubois and Guillaume Decocq},
  title = {Intraspecific and interspecific adaptive latitudinal cline in Brassicaceae seed oil traits},
  journal = {American Journal of Botany}
}
@article{Bemmels_2018,
  doi = {10.1111/ecog.03473},
  url = {https://doi.org/10.1111%2Fecog.03473},
  year = 2018,
  month = {mar},
  publisher = {Wiley},
  volume = {41},
  number = {11},
  pages = {1763--1775},
  author = {Jordan B. Bemmels and S. Joseph Wright and Nancy C. Garwood and Simon A. Queenborough and Renato Valencia and Christopher W. Dick},
  title = {Filter-dispersal assembly of lowland Neotropical rainforests across the Andes},
  journal = {Ecography}
}
@article{Gearty_2018,
  doi = {10.1073/pnas.1712629115},
  url = {https://doi.org/10.1073%2Fpnas.1712629115},
  year = 2018,
  month = {mar},
  publisher = {Proceedings of the National Academy of Sciences},
  volume = {115},
  number = {16},
  pages = {4194--4199},
  author = {William Gearty and Craig R. McClain and Jonathan L. Payne},
  title = {Energetic tradeoffs control the size distribution of aquatic mammals},
  journal = {Proceedings of the National Academy of Sciences}
}
@article{Schweiger_2018,
  doi = {10.1111/oik.04995},
  url = {https://doi.org/10.1111%2Foik.04995},
  year = 2018,
  month = {may},
  publisher = {Wiley},
  volume = {127},
  number = {9},
  pages = {1243--1250},
  author = {Andreas H. Schweiger and Jens-Christian Svenning},
  title = {Down-sizing of dung beetle assemblages over the last 53 000 years is consistent with a dominant effect of megafauna losses},
  journal = {Oikos}
}
@article{Saad_2018,
  doi = {10.1038/s41598-018-25234-w},
  url = {https://doi.org/10.1038%2Fs41598-018-25234-w},
  year = 2018,
  month = {may},
  publisher = {Springer Science and Business Media {LLC}},
  volume = {8},
  number = {1},
  author = {Neil J. Saad and Victoria D. Lynch and Marina Antill{\'{o}}n and Chongguang Yang and John A. Crump and Virginia E. Pitzer},
  title = {Seasonal dynamics of typhoid and paratyphoid fever},
  journal = {Scientific Reports}
}
@article{Wiltshire_2018,
  doi = {10.1016/j.dsr2.2018.06.011},
  url = {https://doi.org/10.1016%2Fj.dsr2.2018.06.011},
  year = 2018,
  month = {nov},
  publisher = {Elsevier {BV}},
  volume = {157-158},
  pages = {121--133},
  author = {Kathryn H. Wiltshire and Jason E. Tanner and Franziska Althaus and Shirley J. Sorokin and Alan Williams},
  title = {Predicting environmental suitability for key benthic species in an ecologically and economically important deep-sea environment},
  journal = {Deep Sea Research Part {II}: Topical Studies in Oceanography}
}
@article{de_Oliveira_2018,
  doi = {10.3390/d10030049},
  url = {https://doi.org/10.3390%2Fd10030049},
  year = 2018,
  month = {jun},
  publisher = {{MDPI} {AG}},
  volume = {10},
  number = {3},
  pages = {49},
  author = {Hernani de Oliveira and Monik Oprea and Raphael Dias},
  title = {Distributional Patterns and Ecological Determinants of Bat Occurrence Inside Caves: A Broad Scale Meta-Analysis},
  journal = {Diversity}
}
@article{S_nchez_Tapia_2018,
  doi = {10.1093/botlinnean/boy034},
  url = {https://doi.org/10.1093%2Fbotlinnean%2Fboy034},
  year = 2018,
  month = {jul},
  publisher = {Oxford University Press ({OUP})},
  volume = {187},
  number = {4},
  pages = {633--652},
  author = {Andrea S{\'{a}}nchez-Tapia and M{\'{a}}rio L Garbin and Marinez F Siqueira and Karlo G Guidoni-Martins and Fabio R Scarano and Tatiana T Carrijo},
  title = {Environmental and geographical space partitioning between core and peripheral Myrsine species (Primulaceae) of the Brazilian Atlantic Forest},
  journal = {Botanical Journal of the Linnean Society}
}
@article{Lortie_2018,
  doi = {10.1002/ecs2.2367},
  url = {https://doi.org/10.1002%2Fecs2.2367},
  year = 2018,
  month = {aug},
  publisher = {Wiley},
  volume = {9},
  number = {8},
  pages = {e02367},
  author = {Christopher J. Lortie and A. Filazzola and R. Kelsey and Abigail K. Hart and H. S. Butterfield},
  title = {Better late than never: a synthesis of strategic land retirement and restoration in California},
  journal = {Ecosphere}
}
@article{Boria_2018,
  doi = {10.1016/j.ecolmodel.2018.08.013},
  url = {https://doi.org/10.1016%2Fj.ecolmodel.2018.08.013},
  year = 2018,
  month = {oct},
  publisher = {Elsevier {BV}},
  volume = {386},
  pages = {83--88},
  author = {Robert A. Boria and Jessica L. Blois},
  title = {The effect of large sample sizes on ecological niche models: Analysis using a North American rodent, Peromyscus maniculatus},
  journal = {Ecological Modelling}
}
@article{Dallas_2018,
  doi = {10.1111/geb.12820},
  url = {https://doi.org/10.1111%2Fgeb.12820},
  year = 2018,
  month = {sep},
  publisher = {Wiley},
  volume = {27},
  number = {12},
  pages = {1448--1456},
  author = {Tad A. Dallas and Alan Hastings},
  title = {Habitat suitability estimated by niche models is largely unrelated to species abundance},
  journal = {Global Ecology and Biogeography}
}
@article{Testo_2018,
  doi = {10.1111/nph.15544},
  url = {https://doi.org/10.1111%2Fnph.15544},
  year = 2018,
  month = {nov},
  publisher = {Wiley},
  volume = {222},
  number = {1},
  pages = {604--613},
  author = {Weston L. Testo and Emily Sessa and David S. Barrington},
  title = {The rise of the Andes promoted rapid diversification in Neotropical
                Phlegmariurus
                (Lycopodiaceae)},
  journal = {New Phytologist}
}
@article{Smith_2018,
  doi = {10.1038/s41559-018-0709-x},
  url = {https://doi.org/10.1038%2Fs41559-018-0709-x},
  year = 2018,
  month = {nov},
  publisher = {Springer Science and Business Media {LLC}},
  volume = {2},
  number = {12},
  pages = {1889--1896},
  author = {Jeffrey R. Smith and Andrew D. Letten and Po-Ju Ke and Christopher B. Anderson and J. Nicholas Hendershot and Manpreet K. Dhami and Glade A. Dlott and Tess N. Grainger and Meghan E. Howard and Beth M. L. Morrison and Devin Routh and Priscilla A. San Juan and Harold A. Mooney and Erin A. Mordecai and Thomas W. Crowther and Gretchen C. Daily},
  title = {A global test of ecoregions},
  journal = {Nature Ecology {\&} Evolution}
}
@article{Collins_2018,
  doi = {10.1038/s42003-018-0192-6},
  url = {https://doi.org/10.1038%2Fs42003-018-0192-6},
  year = 2018,
  month = {nov},
  publisher = {Springer Science and Business Media {LLC}},
  volume = {1},
  number = {1},
  author = {Rupert A. Collins and Owen S. Wangensteen and Eoin J. O'Gorman and Stefano Mariani and David W. Sims and Martin J. Genner},
  title = {Persistence of environmental {DNA} in marine systems},
  journal = {Communications Biology}
}
@article{Bentz_2018,
  doi = {10.1038/s41562-018-0457-6},
  url = {https://doi.org/10.1038%2Fs41562-018-0457-6},
  year = 2018,
  month = {nov},
  publisher = {Springer Science and Business Media {LLC}},
  volume = {2},
  number = {11},
  pages = {816--821},
  author = {Christian Bentz and Dan Dediu and Annemarie Verkerk and Gerhard Jäger},
  title = {The evolution of language families is shaped by the environment beyond neutral drift},
  journal = {Nature Human Behaviour}
}
@article{Menegotto_2018,
  doi = {10.1038/s41467-018-07217-7},
  url = {https://doi.org/10.1038%2Fs41467-018-07217-7},
  year = 2018,
  month = {nov},
  publisher = {Springer Science and Business Media {LLC}},
  volume = {9},
  number = {1},
  author = {Andr{\'{e}} Menegotto and Thiago F. Rangel},
  title = {Mapping knowledge gaps in marine diversity reveals a latitudinal gradient of missing species richness},
  journal = {Nature Communications}
}
@article{Bartomeus_2018,
  doi = {10.1098/rstb.2017.0389},
  url = {https://doi.org/10.1098%2Frstb.2017.0389},
  year = 2018,
  month = {nov},
  publisher = {The Royal Society},
  volume = {374},
  number = {1763},
  pages = {20170389},
  author = {I. Bartomeus and J. R. Stavert and D. Ward and O. Aguado},
  title = {Historical collections as a tool for assessing the global pollination crisis},
  journal = {Philosophical Transactions of the Royal Society B: Biological Sciences}
}
@article{Hanson_2019,
  doi = {10.1111/1365-2664.13315},
  url = {https://doi.org/10.1111%2F1365-2664.13315},
  year = 2019,
  month = {jan},
  publisher = {Wiley},
  volume = {56},
  number = {4},
  pages = {913--922},
  author = {Jeffrey O. Hanson and Richard A. Fuller and Jonathan R. Rhodes},
  editor = {Akira Mori},
  title = {Conventional methods for enhancing connectivity in conservation planning do not always maintain gene flow},
  journal = {Journal of Applied Ecology}
}
@article{Vidal_J_nior_2018,
  doi = {10.1101/362475},
  url = {https://doi.org/10.1101%2F362475},
  year = 2018,
  month = {jul},
  publisher = {Cold Spring Harbor Laboratory},
  author = {Jo{\~{a}}o de Deus Vidal J{\'{u}}nior and Anete Pereira de Souza and Ingrid Koch},
  title = {Impacts of landscape composition, marginality, and climatic stability on the patterns of endemism of Cerrado woody plants}
}
@article{L_pez_Jurado_2019,
  doi = {10.1111/nph.15663},
  url = {https://doi.org/10.1111%2Fnph.15663},
  year = 2019,
  month = {jan},
  publisher = {Wiley},
  volume = {222},
  number = {2},
  pages = {1076--1087},
  author = {Javier L{\'{o}}pez-Jurado and Enrique Mateos-Naranjo and Francisco Balao},
  title = {Niche divergence and limits to expansion in the high polyploid
                Dianthus broteri
                complex},
  journal = {New Phytologist}
}
@article{Spalink_2019,
  doi = {10.1111/mec.15006},
  url = {https://doi.org/10.1111%2Fmec.15006},
  year = 2019,
  month = {mar},
  publisher = {Wiley},
  volume = {28},
  number = {8},
  pages = {2046--2061},
  author = {Daniel Spalink and Ron MacKay and Kenneth J. Sytsma},
  title = {Phylogeography, population genetics and distribution modelling reveal vulnerability of
                Scirpus longii
                (Cyperaceae) and the Atlantic Coastal Plain Flora to climate change},
  journal = {Molecular Ecology}
}
@article{Lee_2019,
  doi = {10.1111/ecog.04143},
  url = {https://doi.org/10.1111%2Fecog.04143},
  year = 2019,
  month = {jan},
  publisher = {Wiley},
  volume = {42},
  number = {5},
  pages = {1050--1055},
  author = {Calvin K. F. Lee and David A. Keith and Emily Nicholson and Nicholas J. Murray},
  title = {Redlistr: tools for the {IUCN} Red Lists of ecosystems and threatened species in R},
  journal = {Ecography}
}
@article{Ladwig_2019,
  doi = {10.1002/ecs2.2542},
  url = {https://doi.org/10.1002%2Fecs2.2542},
  year = 2019,
  month = {jan},
  publisher = {Wiley},
  volume = {10},
  number = {1},
  author = {Laura M. Ladwig and Jennifer L. Chandler and Peter W. Guiden and Jonathan J. Henn},
  title = {Extreme winter warm event causes exceptionally early bud break for many woody species},
  journal = {Ecosphere}
}
@article{Lu_2019,
  doi = {10.1038/s41559-018-0759-0},
  url = {https://doi.org/10.1038%2Fs41559-018-0759-0},
  year = 2019,
  month = {jan},
  publisher = {Springer Science and Business Media {LLC}},
  volume = {3},
  number = {2},
  pages = {239--250},
  author = {Mingzhen Lu and Lars O. Hedin},
  title = {Global plant{\textendash}symbiont organization and emergence of biogeochemical cycles resolved by evolution-based trait modelling},
  journal = {Nature Ecology {\&} Evolution}
}
@article{Zizka_2019,
  doi = {10.1111/2041-210x.13152},
  url = {https://doi.org/10.1111%2F2041-210x.13152},
  year = 2019,
  month = {feb},
  publisher = {Wiley},
  volume = {10},
  number = {5},
  pages = {744--751},
  author = {Alexander Zizka and Daniele Silvestro and Tobias Andermann and Josu{\'{e}} Azevedo and Camila Duarte Ritter and Daniel Edler and Harith Farooq and Andrei Herdean and Mar{\'{\i}}a Ariza and Ruud Scharn and Sten Svantesson and Niklas Wengström and Vera Zizka and Alexandre Antonelli},
  editor = {Tiago Quental},
  title = {{CoordinateCleaner}
                : Standardized cleaning of occurrence records from biological collection databases},
  journal = {Methods in Ecology and Evolution}
}
@article{Rice_2019,
  doi = {10.1038/s41559-018-0787-9},
  url = {https://doi.org/10.1038%2Fs41559-018-0787-9},
  year = 2019,
  month = {jan},
  publisher = {Springer Science and Business Media {LLC}},
  volume = {3},
  number = {2},
  pages = {265--273},
  author = {Anna Rice and Petr {\v{S}}marda and Maria Novosolov and Michal Drori and Lior Glick and Niv Sabath and Shai Meiri and Jonathan Belmaker and Itay Mayrose},
  title = {The global biogeography of polyploid plants},
  journal = {Nature Ecology {\&} Evolution}
}
@article{Daru_2019,
  doi = {10.1111/geb.12888},
  url = {https://doi.org/10.1111%2Fgeb.12888},
  year = 2019,
  month = {feb},
  publisher = {Wiley},
  volume = {28},
  number = {6},
  pages = {757--766},
  author = {Barnabas H. Daru and Peter C. le Roux and Jeyanthi Gopalraj and Daniel S. Park and Ben G. Holt and Michelle Greve},
  editor = {Erica Fleishman},
  title = {Spatial overlaps between the global protected areas network and terrestrial hotspots of evolutionary diversity},
  journal = {Global Ecology and Biogeography}
}
@article{Dillen_2019,
  doi = {10.3897/bdj.7.e31817},
  url = {https://doi.org/10.3897%2Fbdj.7.e31817},
  year = 2019,
  month = {feb},
  publisher = {Pensoft Publishers},
  volume = {7},
  author = {Mathias Dillen and Quentin Groom and Simon Chagnoux and Anton Güntsch and Alex Hardisty and Elspeth Haston and Laurence Livermore and Veljo Runnel and Leif Schulman and Luc Willemse and Zhengzhe Wu and Sarah Phillips},
  title = {A benchmark dataset of herbarium specimen images with label data},
  journal = {Biodiversity Data Journal}
}
@article{Pi_ar_2019,
  doi = {10.1007/s13213-019-1446-3},
  url = {https://doi.org/10.1007%2Fs13213-019-1446-3},
  year = 2019,
  month = {feb},
  publisher = {Springer Science and Business Media {LLC}},
  volume = {69},
  number = {10},
  pages = {1001--1021},
  author = {Guadalupe Pi{\~{n}}ar and Caroline Poyntner and Hakim Tafer and Katja Sterflinger},
  title = {A time travel story: metagenomic analyses decipher the unknown geographical shift and the storage history of possibly smuggled antique marble statues},
  journal = {Annals of Microbiology}
}
@article{Dreyer_2019,
  doi = {10.1038/s41598-019-40531-8},
  url = {https://doi.org/10.1038%2Fs41598-019-40531-8},
  year = 2019,
  month = {mar},
  publisher = {Springer Science and Business Media {LLC}},
  volume = {9},
  number = {1},
  author = {Jaqueline Beatriz Brixner Dreyer and Pedro Higuchi and Ana Carolina Silva},
  title = {Ligustrum lucidum W. T. Aiton (broad-leaf privet) demonstrates climatic niche shifts during global-scale invasion},
  journal = {Scientific Reports}
}
@article{Ludt_2019,
  doi = {10.1002/ece3.5029},
  url = {https://doi.org/10.1002%2Fece3.5029},
  year = 2019,
  month = {mar},
  publisher = {Wiley},
  volume = {9},
  number = {7},
  pages = {4001--4012},
  author = {William B. Ludt and Mois{\'{e}}s A. Bernal and Erica Kenworthy and Eva Salas and Prosanta Chakrabarty},
  title = {Genomic, ecological, and morphological approaches to investigating species limits: A case study in modern taxonomy from Tropical Eastern Pacific surgeonfishes},
  journal = {Ecology and Evolution}
}
@article{Medina_2019,
  doi = {10.1038/s41598-019-41948-x},
  url = {https://doi.org/10.1038%2Fs41598-019-41948-x},
  year = 2019,
  month = {apr},
  publisher = {Springer Science and Business Media {LLC}},
  volume = {9},
  number = {1},
  author = {Iliana Medina},
  title = {The role of the environment in the evolution of nest shape in Australian passerines},
  journal = {Scientific Reports}
}
@article{van_Zonneveld_2019,
  doi = {10.1101/596072},
  url = {https://doi.org/10.1101%2F596072},
  year = 2019,
  month = {apr},
  publisher = {Cold Spring Harbor Laboratory},
  author = {Maarten van Zonneveld and Mohamed Rakha and Shin-yee Tan and Yu-yu Chou and Ching-huan Chang and Joyce Yen and Roland Schafleitner and Ramakrishnan Nair and Ken Naito and Svein {\O}. Solberg},
  title = {Understanding patterns of abiotic and biotic stress resilience to unleash the potential of crop wild relatives for climate-smart legume breeding}
}
@article{Miranda_2019,
  doi = {10.1371/journal.pone.0215229},
  url = {https://doi.org/10.1371%2Fjournal.pone.0215229},
  year = 2019,
  month = {apr},
  publisher = {Public Library of Science ({PLoS})},
  volume = {14},
  number = {4},
  pages = {e0215229},
  author = {Leonardo S. Miranda and Vera L. Imperatriz-Fonseca and Tereza C. Giannini},
  editor = {Fran{\c{c}}ois Rigal},
  title = {Climate change impact on ecosystem functions provided by birds in southeastern Amazonia},
  journal = {{PLOS} {ONE}}
}
@article{Van_de_Perre_2019,
  doi = {10.26496/bjz.2019.28},
  url = {https://doi.org/10.26496%2Fbjz.2019.28},
  year = 2019,
  month = {apr},
  publisher = {Royal Belgian Institute of Natural Sciences ({RBINS})},
  volume = {149},
  number = {1},
  author = {Frederik Van de Perre and Herwig Leirs and Erik Verheyen},
  title = {Paleoclimate, ecoregion size, and degree of isolation explain regional biodiversity differences among terrestrial vertebrates within the Congo Basin},
  journal = {Belgian Journal of Zoology}
}
@article{Hoban_2019,
  doi = {10.1111/ecog.04327},
  url = {https://doi.org/10.1111%2Fecog.04327},
  year = 2019,
  month = {may},
  publisher = {Wiley},
  volume = {42},
  number = {12},
  pages = {1991--2011},
  author = {Sean Hoban and Andria Dawson and John D. Robinson and Adam B. Smith and Allan E. Strand},
  title = {Inference of biogeographic history by formally integrating distinct lines of evidence: genetic, environmental niche and fossil},
  journal = {Ecography}
}
@article{Bacci_2019,
  doi = {10.1093/botlinnean/boz006},
  url = {https://doi.org/10.1093%2Fbotlinnean%2Fboz006},
  year = 2019,
  month = {apr},
  publisher = {Oxford University Press ({OUP})},
  volume = {190},
  number = {1},
  pages = {1--24},
  author = {Lucas F Bacci and Fabi{\'{a}}n A Michelangeli and Renato Goldenberg},
  title = {Revisiting the classification of Melastomataceae: implications for habit and fruit evolution},
  journal = {Botanical Journal of the Linnean Society}
}
@article{Baliga_2019,
  doi = {10.1093/icb/icz030},
  url = {https://doi.org/10.1093%2Ficb%2Ficz030},
  year = 2019,
  month = {may},
  publisher = {Oxford University Press ({OUP})},
  volume = {59},
  number = {3},
  pages = {625--637},
  author = {Vikram B Baliga and Rita S Mehta},
  title = {Morphology, Ecology, and Biogeography of Independent Origins of Cleaning Behavior Around the World},
  journal = {Integrative and Comparative Biology}
}
@article{Kadereit_2019,
  doi = {10.1007/s00606-019-01583-5},
  url = {https://doi.org/10.1007%2Fs00606-019-01583-5},
  year = 2019,
  month = {may},
  publisher = {Springer Science and Business Media {LLC}},
  volume = {305},
  number = {6},
  pages = {431--443},
  author = {Joachim W. Kadereit and Maximilian Lauterbach and Martha Kandziora and John Spillmann and Reto Nyffeler},
  title = {Dual colonization of European high-altitude areas from Asia by Callianthemum (Ranunculaceae)},
  journal = {Plant Systematics and Evolution}
}
@article{Schubert_2019,
  doi = {10.1111/geb.12923},
  url = {https://doi.org/10.1111%2Fgeb.12923},
  year = 2019,
  month = {may},
  publisher = {Wiley},
  author = {Marian Schubert and Thomas Marcussen and Andrea S. Meseguer and Siri Fjellheim},
  editor = {Greg Jordan},
  title = {The grass subfamily Pooideae: Cretaceous{\textendash}Palaeocene origin and climate-driven Cenozoic diversification},
  journal = {Global Ecology and Biogeography}
}
@article{Westmeijer_2019,
  doi = {10.1016/j.algal.2019.101529},
  url = {https://doi.org/10.1016%2Fj.algal.2019.101529},
  year = 2019,
  month = {aug},
  publisher = {Elsevier {BV}},
  volume = {41},
  pages = {101529},
  author = {George Westmeijer and Gert Everaert and Hans Pirlet and Olivier De Clerck and Michiel B. Vandegehuchte},
  title = {Mechanistic niche modelling to identify favorable growth sites of temperate macroalgae},
  journal = {Algal Research}
}
@article{Alhajeri_2019,
  doi = {10.1111/jbi.13619},
  url = {https://doi.org/10.1111%2Fjbi.13619},
  year = 2019,
  month = {jun},
  publisher = {Wiley},
  author = {Bader H. Alhajeri and Yoan Fourcade},
  title = {High correlation between species-level environmental data estimates extracted from {IUCN} expert range maps and from {GBIF} occurrence data},
  journal = {Journal of Biogeography}
}
@article{Ros_Candeira_2019,
  doi = {10.3897/zookeys.852.28567},
  url = {https://doi.org/10.3897%2Fzookeys.852.28567},
  year = 2019,
  month = {jun},
  publisher = {Pensoft Publishers},
  volume = {852},
  pages = {125--136},
  author = {Andrea Ros-Candeira and Antonio Jes{\'{u}}s P{\'{e}}rez-Luque and Mar{\'{\i}}a Su{\'{a}}rez-Mu{\~{n}}oz and Francisco~Javier Bonet-Garc{\'{\i}}a and Jos{\'{e}} A. H{\'{o}}dar and Fernando Gim{\'{e}}nez de Azc{\'{a}}rate and Elena Ortega-D{\'{\i}}az},
  title = {Dataset of occurrence and incidence of pine processionary moth in Andalusia, south Spain},
  journal = {{ZooKeys}}
}
@article{McTavish_2019,
  doi = {10.3897/biss.3.36207},
  url = {https://doi.org/10.3897%2Fbiss.3.36207},
  year = 2019,
  month = {jun},
  publisher = {Pensoft Publishers},
  volume = {3},
  author = {Emily Jane McTavish},
  title = {Linking Biodiversity Data Using Evolutionary History},
  journal = {Biodiversity Information Science and Standards}
}
@article{Uzma_2019,
  doi = {10.7717/peerj.6792},
  url = {https://doi.org/10.7717%2Fpeerj.6792},
  year = 2019,
  month = {jun},
  publisher = {{PeerJ}},
  volume = {7},
  pages = {e6792},
  author = {Uzma and Pedro Jim{\'{e}}nez-Mej{\'{\i}}as and Rabia Amir and Muhammad Qasim Hayat and Andrew L. Hipp},
  title = {Timing and ecological priority shaped the diversification of sedges in the Himalayas},
  journal = {{PeerJ}}
}
@article{Butterfield_2019,
  doi = {10.1002/ecy.2817},
  url = {https://doi.org/10.1002%2Fecy.2817},
  year = 2019,
  month = {aug},
  publisher = {Wiley},
  volume = {100},
  number = {10},
  author = {Bradley J. Butterfield and Camille A. Holmgren and R. Scott Anderson and Julio L. Betancourt},
  title = {Life history traits predict colonization and extinction lags of desert plant species since the Last Glacial Maximum},
  journal = {Ecology}
}
@article{Correia_2019,
  doi = {10.1016/j.ecolind.2019.105539},
  url = {https://doi.org/10.1016%2Fj.ecolind.2019.105539},
  year = 2019,
  month = {nov},
  publisher = {Elsevier {BV}},
  volume = {106},
  pages = {105539},
  author = {Ricardo A. Correia and Alejandro Ruete and Juliana Stropp and Ana C.M. Malhado and Janisson W. dos Santos and Thain{\'{a}} Lessa and Jos{\'{e}} A. Alves and Richard J. Ladle},
  title = {Using ignorance scores to explore biodiversity recording effort for multiple taxa in the Caatinga},
  journal = {Ecological Indicators}
}
@article{Jaganathan_2019,
  doi = {10.3390/data4030107},
  url = {https://doi.org/10.3390%2Fdata4030107},
  year = 2019,
  month = {jul},
  publisher = {{MDPI} {AG}},
  volume = {4},
  number = {3},
  pages = {107},
  author = {Ganesh K. Jaganathan and Sarah E. Dalrymple},
  title = {Internal Seed Structure of Alpine Plants and Extreme Cold Exposure},
  journal = {Data}
}
@article{Collins_2019,
  doi = {10.1111/2041-210x.13276},
  url = {https://doi.org/10.1111%2F2041-210x.13276},
  year = 2019,
  month = {sep},
  publisher = {Wiley},
  volume = {10},
  number = {11},
  pages = {1985--2001},
  author = {Rupert A. Collins and Judith Bakker and Owen S. Wangensteen and Ana Z. Soto and Laura Corrigan and David W. Sims and Martin J. Genner and Stefano Mariani},
  editor = {Douglas Yu},
  title = {Non-specific amplification compromises environmental {DNA} metabarcoding with {COI}},
  journal = {Methods in Ecology and Evolution}
}
@article{Hayden_2019,
  doi = {10.1038/s41598-019-47618-2},
  url = {https://doi.org/10.1038%2Fs41598-019-47618-2},
  year = 2019,
  month = {aug},
  publisher = {Springer Science and Business Media {LLC}},
  volume = {9},
  number = {1},
  author = {B. Hayden and M. L. D. Palomares and B. E. Smith and J. H. Poelen},
  title = {Biological and environmental drivers of trophic ecology in marine fishes - a global perspective},
  journal = {Scientific Reports}
}
@article{Pender_2019,
  doi = {10.1016/j.ecoinf.2019.100991},
  url = {https://doi.org/10.1016%2Fj.ecoinf.2019.100991},
  year = 2019,
  month = {nov},
  publisher = {Elsevier {BV}},
  volume = {54},
  pages = {100991},
  author = {Jocelyn E. Pender and Andrew L. Hipp and Marlene Hahn and John Kartesz and Misako Nishino and Julian R. Starr},
  title = {How sensitive are climatic niche inferences to distribution data sampling? A comparison of Biota of North America Program ({BONAP}) and Global Biodiversity Information Facility ({GBIF}) datasets},
  journal = {Ecological Informatics}
}
@article{Esperon_Rodriguez_2019,
  doi = {10.1002/ppp3.10064},
  url = {https://doi.org/10.1002%2Fppp3.10064},
  year = 2019,
  month = {aug},
  publisher = {Wiley},
  volume = {1},
  number = {4},
  pages = {387--397},
  author = {Manuel Esperon-Rodriguez and Sally A. Power and Mark G. Tjoelker and Linda J. Beaumont and Hugh Burley and Dayenari Caballero-Rodriguez and Paul D. Rymer},
  title = {Assessing the vulnerability of Australia's urban forests to climate extremes},
  journal = {{PLANTS}, {PEOPLE}, {PLANET}}
}
@article{De_Luca_2019,
  doi = {10.7717/peerj.7410},
  url = {https://doi.org/10.7717%2Fpeerj.7410},
  year = 2019,
  month = {aug},
  publisher = {{PeerJ}},
  volume = {7},
  pages = {e7410},
  author = {Daniele De Luca and Wiebe H.C.F. Kooistra and Diana Sarno and Chetan C. Gaonkar and Roberta Piredda},
  title = {Global distribution and diversity of Chaetoceros (Bacillariophyta, Mediophyceae): integration of classical and novel strategies},
  journal = {{PeerJ}}
}
@article{Havinga_2020,
  doi = {10.1016/j.ecolind.2019.105766},
  url = {https://doi.org/10.1016%2Fj.ecolind.2019.105766},
  year = 2020,
  month = {jan},
  publisher = {Elsevier {BV}},
  volume = {108},
  pages = {105766},
  author = {Ilan Havinga and Lars Hein and Mauricio Vega-Araya and Antoine Languillaume},
  title = {Spatial quantification to examine the effectiveness of payments for ecosystem services: A case study of Costa Rica's Pago de Servicios Ambientales},
  journal = {Ecological Indicators}
}
@article{Ahmad_2020,
  doi = {10.1016/j.gecco.2019.e00845},
  url = {https://doi.org/10.1016%2Fj.gecco.2019.e00845},
  year = 2020,
  month = {mar},
  publisher = {Elsevier {BV}},
  volume = {21},
  pages = {e00845},
  author = {Shahid Ahmad and Li Yang and Tauheed Ullah Khan and Kunyuan Wanghe and Miaomiao Li and Xiaofeng Luan},
  title = {Using an ensemble modelling approach to predict the potential distribution of Himalayan gray goral (Naemorhedus goral bedfordi) in Pakistan},
  journal = {Global Ecology and Conservation}
}
@article{Falt_nek_Fric_2019,
  doi = {10.1111/ele.13419},
  url = {https://doi.org/10.1111%2Fele.13419},
  year = 2019,
  month = {nov},
  publisher = {Wiley},
  volume = {23},
  number = {1},
  pages = {172--180},
  author = {Zden{\v{e}}k Falt{\'{y}}nek Fric and Michal Rindo{\v{s}} and Martin Konvi{\v{c}}ka},
  editor = {Regan Early},
  title = {Phenology responses of temperate butterflies to latitude depend on ecological traits},
  journal = {Ecology Letters}
}
@article{St_vart_2019,
  doi = {10.1126/sciadv.aax9444},
  url = {https://doi.org/10.1126%2Fsciadv.aax9444},
  year = 2019,
  month = {nov},
  publisher = {American Association for the Advancement of Science ({AAAS})},
  volume = {5},
  number = {11},
  pages = {eaax9444},
  author = {T. St{\'{e}}vart and G. Dauby and P. P. Lowry and A. Blach-Overgaard and V. Droissart and D. J. Harris and B. A. Mackinder and G. E. Schatz and B. Sonk{\'{e}} and M. S. M. Sosef and J.-C. Svenning and J. J. Wieringa and T. L. P. Couvreur},
  title = {A third of the tropical African flora is potentially threatened with extinction},
  journal = {Science Advances}
}
@article{D_Amen_2019,
  doi = {10.1093/icesjms/fsz207},
  url = {https://doi.org/10.1093%2Ficesjms%2Ffsz207},
  year = 2019,
  month = {nov},
  publisher = {Oxford University Press ({OUP})},
  volume = {77},
  number = {1},
  pages = {388--397},
  author = {M D'Amen and E Azzurro},
  editor = {Katherine Yates},
  title = {Lessepsian fish invasion in Mediterranean marine protected areas: a risk assessment under climate change scenarios},
  journal = {{ICES} Journal of Marine Science}
}
@article{Yusri_2019,
  doi = {10.1088/1755-1315/363/1/012025},
  url = {https://doi.org/10.1088%2F1755-1315%2F363%2F1%2F012025},
  year = 2019,
  month = {dec},
  publisher = {{IOP} Publishing},
  volume = {363},
  pages = {012025},
  author = {Safran Yusri and Vincentius P. Siregar and  Suharsono},
  title = {Distribution Modelling of Porites (Poritidae) in Indonesia},
  journal = {{IOP} Conference Series: Earth and Environmental Science}
}
@article{Ekroos_2020,
  doi = {10.1016/j.biocon.2019.108255},
  url = {https://doi.org/10.1016%2Fj.biocon.2019.108255},
  year = 2020,
  month = {jan},
  publisher = {Elsevier {BV}},
  volume = {241},
  pages = {108255},
  author = {Johan Ekroos and David Kleijn and P{\'{e}}ter Bat{\'{a}}ry and Matthias Albrecht and Andr{\'{a}}s B{\'{a}}ldi and Nico Blüthgen and Eva Knop and Anik{\'{o}} Kov{\'{a}}cs-Hosty{\'{a}}nszki and Henrik G Smith},
  title = {High land-use intensity in grasslands constrains wild bee species richness in Europe},
  journal = {Biological Conservation}
}
@misc{arnaud2016a,
  author = {Arnaud, E. and Castañeda-Álvarez, N.P. and Cossi, J.G. and Endresen, D.T.F. and Jahanshiri, E. and Vigouroux, Y.},
  date = {2016},
  title = {Final Report of the Task Group on GBIF Data Fitness for Use in Agrobiodiversity},
  url = {https://www.duo.uio.no/handle/10852/50041}
}
@misc{bach2016a,
  author = {Bach, R.},
  date = {2016},
  title = {Observing the Change in Southeastern Species’ Habitat Areas Due to Climate Change},
  url = {https://smartech.gatech.edu/handle/1853/55385},
  address = {Chicago}
}
@thesis{bosch2017a,
  author = {Bosch, S.},
  date = {2017},
  title = {Marine Species Distributions: From data to predictive models},
  url = {http://www.vliz.be/imisdocs/publications/303185.pdf},
  school = {Ghent University},
  type = {(Doctoral dissertation,}
}
@inproceedings{s2017a,
  author = {Sánchez-Tapia, A. and Siqueira, M. and Lima, R. and Barros, F. and Gall, G. and Gadelha, L. and Silva, L.},
  title = {Model-R: A Framework for Scalable and Reproducible Ecological Niche Modeling},
  volume = {796},
  publisher = {Springer},
  date = {2017},
  url = {http://www.lncc.br/~lgadelha/publications/model-r-carla-2017.pdf},
  booktitle = {High Performance Computing - Fourth Latin American Conference, CARLA 2017. Communications in Computer and Information Science}
}
@misc{zizka2018a,
  author = {Zizka, A.},
  date = {2018},
  title = {Big data insights into the distribution and evolution of tropical diversity},
  url = {https://gupea.ub.gu.se/handle/2077/55303}
}
@thesis{inman2018a,
  author = {Inman, R.},
  date = {2018},
  title = {Improving Species Distribution Models with Bias Correction and Geographically Weighted Regression: Tests of Virtual Species and Past and Present Distributions in North American Deserts},
  url = {https://search.proquest.com/docview/2040502527},
  school = {Arizona State University},
  type = {(Doctoral dissertation,}
}
@thesis{mienna2018a,
  author = {Mienna, I.M.},
  date = {2018},
  title = {Patterns and Drivers of Phylogenetic Diversity and Endemism in the Norwegian Vascular Flora},
  note = {Master's thesis, NTNU).},
  url = {https://brage.bibsys.no/xmlui/bitstream/handle/11250/2502355/17650_FULLTEXT.pdf?sequence=1}
}
@misc{lusseau2018a,
  author = {Lusseau, D. and Mancini, F.},
  date = {2018},
  title = {A global assessment of tourism and recreation conservation threats to prioritise interventions},
  note = {arXiv preprint <https://arxiv.org/abs/1808.08399>}
}
@misc{gadelha2018a,
  author = {},
  date = {2018},
  title = {A Survey of e-Biodiversity: Concepts, Practices, and Challenges},
  note = {arXiv preprint arXiv:1810.00224},
  url = {https://arxiv.org/abs/1810.00224},
  arxiv = {1810.00224}
}
@article{mittermeier2019a,
  author = {Mittermeier, T.},
  date = {2019},
  title = {A season for all things: Phenological imprints in Wikipedia usage and their relevance toconservation},
  url = {https://research.birmingham.ac.uk/portal/files/58082037/pbio.3000146_1.pdf},
  journal = {PLoS Biology}
}
@misc{domingos2019a,
  author = {Domingos, A.M.},
  date = {2019},
  title = {Oportunidades e desafios em macroecologia marinha},
  url = {https://repositorio.bc.ufg.br/tede/bitstream/tede/9530/5/Tese%20-%20Andr%C3%A9%20Menegotto%20Domingos%20-%202019.pdf}
}
@thesis{flower2019a,
  author = {Flower, C.},
  date = {2019},
  title = {Food Plant Biogeography of the Sonoran Desert},
  url = {https://search.proquest.com/docview/2275500833},
  school = {Arizona State University},
  type = {(Doctoral dissertation,}
}
@thesis{piatscheck2019a,
  author = {Piatscheck, F.},
  date = {2019},
  title = {Past, present and future: Geographic and temporal variation in a Fig–fig wasp mutualism},
  note = {Order No. 22588967). ProQuest Dissertations & Theses Global. (2302689695).},
  url = {https://search.proquest.com/docview/2302689695}
}
@misc{schwarz2019a,
  author = {Schwarz, M.},
  date = {2019},
  title = {Protecting the predators? Assessing the overlap between marine protected areas and endangered shark species on a global scale},
  url = {http://bit.ly/2QDNbgS}
}
@thesis{reis2019a,
  author = {Reis, V.S.},
  date = {2019},
  title = {Uma perspectiva macroecológica sobre o risco de extinção em mamíferos},
  url = {http://bit.ly/38mfmHG},
  type = {Thesis.}
}
