@Manual{Urbanek_2014,
  title = {uuid: Tools for generating and handling of UUIDs},
  author = {Simon Urbanek},
  note = {R package version 0.1-1},
  url = {http://www.rforge.net/uuid},
  year = {2014},
}

@Article{Vos_2012,
  doi = {10.1093/sysbio/sys025},
  url = {http://dx.doi.org/10.1093/sysbio/sys025},
  year = {2012},
  month = {Feb},
  publisher = {Oxford University Press (OUP)},
  volume = {61},
  number = {4},
  pages = {675-689},
  author = {R. A. Vos and J. P. Balhoff and J. A. Caravas and M. T. Holder and H. Lapp and W. P. Maddison and P. E. Midford and A. Priyam and J. Sukumaran and X. Xia and A. Stoltzfus},
  title = {NeXML: Rich, Extensible, and Verifiable Representation of Comparative Data and Metadata},
  journal = {Systematic Biology},
}

@Manual{Chamberlain_2014,
  title = {taxize: Taxonomic information from around the web},
  author = {Scott Chamberlain and Eduard Szocs and Carl Boettiger and Karthik Ram and Ignasi Bartomeus and John Baumgartner},
  year = {2014},
  note = {R package version 0.3.0},
  url = {https://github.com/ropensci/taxize},
}

@Article{Wickham_2007,
  title = {Reshaping Data with the {reshape} Package},
  author = {Hadley Wickham},
  journal = {Journal of Statistical Software},
  year = {2007},
  volume = {21},
  number = {12},
  pages = {1--20},
  url = {http://www.jstatsoft.org/v21/i12/},
}

@Article{Scott_Chamberlain_2013,
  title = {taxize - taxonomic search and retrieval in R},
  journal = {F1000Research},
  author = {{Scott Chamberlain} and {Eduard Szocs}},
  year = {2013},
  url = {http://f1000research.com/articles/2-191/v2},
}

@Article{Wickham_2011,
  title = {The Split-Apply-Combine Strategy for Data Analysis},
  author = {Hadley Wickham},
  journal = {Journal of Statistical Software},
  year = {2011},
  volume = {40},
  number = {1},
  pages = {1--29},
  url = {http://www.jstatsoft.org/v40/i01/},
}

@Article{Wickham_2011a,
  author = {Hadley Wickham},
  title = {testthat: Get Started with Testing},
  journal = {The R Journal},
  year = {2011},
  volume = {3},
  pages = {5--10},
  url = {http://journal.r-project.org/archive/2011-1/RJournal_2011-1_Wickham.pdf},
}

@Manual{Willighagen_2014,
  title = {rrdf: rrdf - support for the Resource Description Framework},
  author = {Egon Willighagen},
  year = {2014},
  note = {R package version 2.0.3},
  url = {https://github.com/egonw/rrdf},
}

@Manual{Wickham_2014,
  title = {httr: Tools for working with URLs and HTTP},
  author = {Hadley Wickham},
  note = {R package version 0.3.0.99},
  year = {2014},
}

@Article{Paradis_2004,
  title = {A{PE}: analyses of phylogenetics and evolution in {R} language},
  author = {E. Paradis and J. Claude and K. Strimmer},
  journal = {Bioinformatics},
  year = {2004},
  volume = {20},
  pages = {289-290},
}

@Manual{Temple_Lang_2013,
  title = {XML: Tools for parsing and generating XML within R and S-Plus.},
  author = {Duncan {Temple Lang}},
  year = {2013},
  note = {R package version 3.98-1.1},
  url = {http://CRAN.R-project.org/package=XML},
}
